@Misc{Acrobat10,
  title = {{Adobe Acrobat Reader 10}},
  howpublished = {\url{http://www.adobe.com/products/acrobat/}},
}

@Misc{ACMCCS,
  title = {How to Classify Works Using {ACM}'s Computing Classification System},
  howpublished = {\url{http://www.acm.org/class/how_to_use.html}},
}

@article{guiard-jmb-87,
  author    = {Guiard, Yves},
  title     = {Asymmetric division of labor in human skilled bimanual action : The kinematic chain as a model},
  journal = {Journal of Motor Behavior},
  number    = {19},
  year      = {1987},
  pages     = {486--517},
}

@InProceedings {coutaz-ihm-97,
    author = {Coutaz, Jo{\"e"}lle and Nigay, Laurence},
    title = {Les propriétés CARE dans les interfaces multimodales },
    booktitle = { actes d'IHM'94 },
    year = { 1997 },
    month = sep,
    URL = {http://iihm.imag.fr/publs/1994/IHM94_CARE.Fr.pdf}
}
ph
@InProceedings {mbl-ihm-97,
    author = {Beaudouin-Lafon, Michel},
    title = {Interaction instrumentale : de la manipulation directe à la réalité augmentée},
    booktitle = { actes d'IHM'97 },
    year = { 1997 },
    month = sep,
    URL = {http://www-ihm.lri.fr/~mbl/INSTR/ihm97-paper/ihm97.ps.gz}
}